@Book{EBC2001,
  author    = {EBC},
  editor    = {Søren Nøhr Bak},
  publisher = {{Fachverlag Hans Carl}},
  title     = {Water in Brewing},
  year      = {2001},
  address   = {Nürnberg},
  isbn      = {3-418-00778-3},
  series    = {Manual of Good Practice},
  pagetotal = {128},
}

@Comment{jabref-meta: databaseType:bibtex;}
