@Book{Daniels1996,
  author    = {Ray Daniels},
  title     = {Designing Great Beers},
  date      = {1996},
  subtitle  = {The Ultimate Guide to Brewing Classic Beer Styles},
  publisher = {{Brewers Association}},
}

@Book{Mosher1994,
  author    = {Randy Mosher},
  title     = {The Brewer's Companion},
  year      = {1994},
  publisher = {{Alephenalia Publications}},
}

@Book{Holle2010,
  author    = {Stephen R. Holle},
  title     = {A Handbook of Basic Brewing Calculations},
  year      = {2010},
  edition   = {4},
  publisher = {MBAA},
}

@Book{Bruecklmeier2018,
  author    = {Jan Brücklmeier},
  title     = {Bier Brauen},
  year      = {2018},
  subtitle  = {Grundlagen, Rohstoffe, Brauprozesse},
  publisher = {Ulmer},
}

@Book{Noonan1996,
  author    = {Gregory J. Noonan},
  title     = {New Brewing Lager Beer},
  year      = {1996},
  publisher = {{Brewers Association}},
}

@Book{BJCP2015,
  author   = {BJCP},
  title    = {The 2015 BJCP Style Guidelines},
  subtitle = {Beer Style Guidelines},
  url      = {https://www.bjcp.org/bjcp-style-guidelines},
  year     = {2015},
}

@Online{Smith2008,
  author  = {Brad Smith},
  title   = {Beer Color: Understanding SRM, Lovibond and EBC},
  url     = {https://beersmith.com/blog/2008/04/29/beer-color-understanding-srm-lovibond-and-ebc},
  urldate = {2022-07-02},
  year    = {2008},
}

@Article{Morey,
  author = {Daniel Morey},
  title  = {Approximating SRM Beer Color of Homebrew Based onRecipe Formulation},
}

@Online{Smith2010,
  author = {Brad Smith},
  date   = {2022-07-02},
  title  = {An Interview with Brewer Dan Morey},
  url    = {https://beersmith.com/blog/2010/01/13/an-interview-with-brewer-dan-morey},
  year   = {2010},
}

@Book{BA2021,
  author = {{Brewers Association}},
  title  = {Brewers Association 2021 Beer Style Guidelines},
  url    = {https://www.brewersassociation.org/edu/brewers-association-beer-style-guidelines},
  year   = {2021},
}

@Online{Krueger2019,
  author  = {Jörg Krüger},
  title   = {Strohgelb bis Pechschwarz},
  url     = {https://braumagazin.de/article/bierfarbe},
  urldate = {2022-07-02},
  year    = {2019},
}

@InProceedings{Bies2010,
  author = {Daniel J Bies and Robert M Hansen},
  title  = {Determining Formula From Beer Color and Predecting Beer Color From Formula},
  year   = {2010},
}

@Comment{jabref-meta: databaseType:biblatex;}
