% Encoding: UTF-8

@Online{Gossett2012,
  author  = {James M. Gossett},
  title   = {A Refractometer-Based Method to Estimate ABV in Fermenting and Finished Beers},
  year    = {2012},
  url     = {http://www.ithacoin.com/brewing/Overview.htm},
  urldate = {2021-08-01},
}

@Article{Terrill2013,
  author  = {Sean Terrill},
  title   = {Using a Refractometer},
  journal = {Zymurgy},
  year    = {2013},
  volume  = {36},
  number  = {4},
  pages   = {49--53},
}

@Article{Novotny2017,
  author   = {Petr Novotný},
  title    = {Revisiting the Refractometer},
  journal  = {Zymurgy},
  year     = {2017},
  subtitle = {Improved Fermentation Monitoring Through Refractometry},
  volume   = {40},
  number   = {4},
  pages    = {49--54},
}

@Article{Bonham2001,
  author  = {Louis K. Bonham},
  title   = {The Use of Handheld Refractometers by Homebrewers},
  journal = {Zymurgy},
  year    = {2001},
  volume  = {24},
  number  = {1},
  pages   = {43--46},
}

@Online{Gossett2012a,
  author  = {James M. Gossett},
  title   = {Contribution of Ethanol to Brix Measurements and Measurement of ABV Using Brix Refractometry},
  year    = {2012},
  url     = {http://www.ithacoin.com/brewing/EtOH_to_Brix.htm},
  urldate = {2021-08-01},
}

@Online{Gossett2012b,
  author  = {James M. Gossett},
  title   = {Derivation and Explanation of the Brix-Based Calculator For Estimating ABV in Fermenting and Finished Beers},
  year    = {2012},
  url     = {http://www.ithacoin.com/brewing/Derivation.htm},
  urldate = {2021-08-01},
}

@Online{Gossett2012c,
  author   = {James M. Gossett},
  title    = {Evaluation of The Method},
  year     = {2012},
  url      = {http://www.ithacoin.com/brewing/Evaluation.htm},
  subtitle = {Comparing Estimated and Measured ABV},
  urldate  = {2021-08-01},
}

@Online{Troester2012,
  author  = {Kai Troester},
  title   = {Don’t Trust Your Refractometer Blindly},
  year    = {2012},
  url     = {http://braukaiser.com/blog/blog/2012/03/23/dont-trust-your-refractometer-blindly/},
  urldate = {2021-08-01},
}

@Online{Terrill2010,
  author  = {Sean Terrill},
  title   = {Toward a Better Refractometer Correlation},
  year    = {2010},
  url     = {https://web.archive.org/web/20210228013831/http://seanterrill.com/2010/07/20/toward-a-better-refractometer-correlation/},
  urldate = {2021-08-01},
}

@Online{Terrill2011,
  author  = {Sean Terrill},
  title   = {Refractometer FG Results},
  year    = {2011},
  url     = {https://web.archive.org/web/20210118131510/http://seanterrill.com/2011/04/07/refractometer-fg-results/},
  urldate = {2021-08-01},
}

@Online{Terrill2010a,
  author  = {Sean Terrill},
  title   = {Refractometer Estimates of Final Gravity},
  year    = {2010},
  url     = {https://web.archive.org/web/20210304005055/http://seanterrill.com/2010/06/11/refractometer-estimates-of-final-gravity/},
  urldate = {2021-08-01},
}

@Article{Siebel1938,
  author    = {E. A. Siebel and Arthur E. Kott},
  title     = {Intensified Study of the use of the Refractometer as a Check in Beer Analyses},
  journal   = {Journal of {AOAC} {INTERNATIONAL}},
  year      = {1938},
  volume    = {21},
  number    = {1},
  month     = {feb},
  pages     = {121--134},
  doi       = {10.1093/jaoac/21.1.121},
  publisher = {Oxford University Press ({OUP})},
}

@Online{Novotny2017a,
  author  = {Petr Novotný},
  title   = {Počítáme: Nová korekce refraktometru},
  year    = {2017},
  url     = {http://www.diversity.beer/2017/01/pocitame-nova-korekce-refraktometru.html},
  urldate = {2021-08-01},
}

@Online{Weiss2016,
  author  = {Oli Weiss},
  title   = {Refraktometer Bieranalyse},
  year    = {2016},
  url     = {http://www.brewrecipedeveloper.de/misc/brdh/Brew%20Recipe%20Developer%20Dokumentation%20DE.html?ExtrakteundVergrungsgrade.html},
  urldate = {2021-08-01},
}

@Comment{jabref-meta: databaseType:biblatex;}
