% Encoding: UTF-8

@Online{GastroBrennecke2021,
  author = {{Gastro Brennecke}},
  title  = {Gewindenormen},
  year   = {2021},
  url    = {https://gastro-brennecke.de/gewindenormen},
}

@Book{BrewersAssociation2019,
  author  = {{Brewers Association}},
  title   = {Draught Beer Quality Manual},
  year    = {2019},
  edition = {4},
  isbn    = {978-1-938469-60-2},
  url     = {https://www.brewersassociation.org/educational-publications/draught-beer-quality-manual},
}

@Online{Krueger2015,
  author = {Jörg Krüger},
  title  = {Zapftechnik in der Praxis -- Teil 2},
  year   = {2015},
  url    = {https://braumagazin.de/article/zapftechnik-in-der-praxis-teil-2},
}

@Online{HWBS2021,
  author = {{HW Brauerei-Service}},
  title  = {Keg Fachwissen},
  year   = {2021},
  url    = {https://www.hw-bs.de/service-am-keg/fachwissen-keg.html},
}

@Online{Gretzschel2016,
  author = {Moritz Gretzschel},
  title  = {Soda-Kegs und Gegendruckabfüllung},
  year   = {2016},
  url    = {https://braumagazin.de/article/soda-kegs},
}

@Online{HWBS2021a,
  author = {{HW Brauerei-Service}},
  title  = {Fachwissen Fittinge},
  year   = {2021},
  url    = {https://www.hw-bs.de/fittingservice/fachwissen-fittinge.html},
}

@Online{Sparks,
  author = {Andy Sparks},
  title  = {Introduction To Kegging},
  url    = {https://byo.com/article/introduction-to-kegging},
}

@Online{Vitaly2019,
  author = {Victor Vitaly},
  title  = {How to Build a Kegerator},
  year   = {2019},
  url    = {https://tasteofartisan.com/detailed-kegerator-build-guide},
}

@Online{HomebrewAcademy2021,
  author = {{Homebrew Academy}},
  title  = {How to Build a Keezer},
  year   = {2021},
  url    = {https://homebrewacademy.com/how-to-build-a-keezer},
}

@Online{Felmann2020,
  author = {Douglas Felmann},
  title  = {Die Gärung im NC Fass Teil 1: Grundlagen},
  year   = {2020},
  url    = {https://www.crafthardware.de/blog/die-gaerung-in-einem-nc-fass-teil-1-grundlagen},
}

@Article{Westemeier1995,
  author  = {Ed Westemeier},
  title   = {A Bottler's Guide to Kegging},
  journal = {Zymurgy},
  year    = {1995},
  issue   = {Summer},
  pages   = {46--53},
  url     = {https://www.homebrewersassociation.org/attachments/0000/1312/Summerzym95-Kegging_How-To.pdf},
}

@Online{GroteBlohm2020,
  author = {{Grote \& Blohm}},
  title  = {FOBB-APP},
  year   = {2020},
  url    = {https://www.groteundblohm.de/fobb-app},
}

@Online{Soltys2012,
  author = {Mike Soltys},
  title  = {Determining Proper hose length for your Kegerator},
  year   = {2012},
  url    = {http://www.mikesoltys.com/2012/09/17/determining-proper-hose-length-for-your-kegerator},
}

@InBook{BMArbeit2016,
  author    = {{BM Arbeit, Soziales, Gesundheit und Konsumentenschutz}},
  title     = {Leitlinie Schankanlagen},
  booktitle = {Österreichiches Lebensmittelbuch},
  year      = {2016},
  edition   = {4},
  chapter   = {A 2 / Hygiene},
  url       = {https://www.verbrauchergesundheit.gv.at/lebensmittel/buch/hygieneleitlinien/LL_Schankanlagen.pdf},
}

@Online{McDantim2021,
  author = {{McDantim}},
  title  = {Calculators for Draft Beer Dispense},
  year   = {2021},
  url    = {https://mcdantim.com/tools/calculator},
}

@Comment{jabref-meta: databaseType:biblatex;}
