@Book{Daniels1996,
  author    = {Ray Daniels},
  title     = {Designing Great Beers},
  date      = {1996},
  subtitle  = {The Ultimate Guide to Brewing Classic Beer Styles},
  publisher = {{Brewers Association}},
}

@Book{Holle2010,
  author    = {Stephen R. Holle},
  date      = {2010},
  title     = {A Handbook of Basic Brewing Calculations},
  edition   = {4},
  publisher = {MBAA},
}

@Book{Bruecklmeier2018,
  author    = {Jan Brücklmeier},
  date      = {2018},
  title     = {Bier Brauen},
  publisher = {Ulmer},
  subtitle  = {Grundlagen, Rohstoffe, Brauprozesse},
}

@Book{Noonan1996,
  author    = {Gregory J. Noonan},
  date      = {1996},
  title     = {New Brewing Lager Beer},
  publisher = {{Brewers Association}},
}

@Book{Hanghofer2019,
  author    = {Hubert Hanghofer},
  date      = {2019},
  title     = {Gutes Bier selbst brauen},
  edition   = {10},
  publisher = {BLV},
}

@Online{Colby2000,
  author  = {Chris Colby},
  date    = {2000},
  title   = {Calculating Gravity, Bitterness, and Color},
  url     = {https://byo.com/article/calculating-gravity-bitterness-and-color-techniques},
  urldate = {2022-07-03},
}

@Book{Hanghofer1999,
  author    = {Hubert Hanghofer},
  date      = {1999},
  title     = {Bier Brauen nach eigenem Geschmack},
  publisher = {BLV},
}

@Book{Kunze2016,
  author    = {Wolfgang Kunze},
  date      = {2016},
  title     = {Technologie Brauer \& Mälzer},
  edition   = {11},
  publisher = {{VLB Berlin}},
}

@Online{Rokweiler2019,
  author  = {Alexander Rokweiler},
  date    = {2019},
  title   = {Bieranalyse für Craft und Hobbybrauer},
  url     = {https://gradplato.com/kategorien/know-how/berechnungen-rund-ums-bier},
  urldate = {2022-10-28},
}

@Online{Carr2015,
  author  = {Nick Carr},
  date    = {2015},
  title   = {How to Calculate Brewhouse Efficiency},
  url     = {https://learn.kegerator.com/brewhouse-efficiency},
  urldate = {2022-10-28},
}

@Comment{jabref-meta: databaseType:biblatex;}
