% Encoding: UTF-8

@Book{Roncoroni2018,
  author    = {Miguel Roncoroni and Kevin Verstrepen},
  title     = {Belgian Beer},
  year      = {2018},
  subtitle  = {Tested and Tasted},
  publisher = {Lannoo},
  isbn      = {9789401452892},
}

@Book{Dornbusch2019,
  author    = {Horst Dornbusch},
  title     = {Die Biersorten der Brauwelt},
  year      = {2019},
  edition   = {3},
  publisher = {Hans Carl},
  isbn      = {9783418001265},
}

@Article{Sparrow2002,
  author   = {Jeff Sparrow},
  title    = {Cloudy, With A Chance For Haze},
  journal  = {Zymurgy},
  year     = {2002},
  subtitle = {The History and Brewing Techniques Of Belgian Witbier},
  volume   = {25},
  number   = {3},
  pages    = {28--33},
}

@Article{Mosher2010,
  author  = {Randy Mosher},
  title   = {Spicing Up Your Beer},
  journal = {Zymurgy},
  year    = {2010},
  volume  = {33},
  number  = {2},
  pages   = {26--32},
}

@Online{Zainasheff2007,
  author  = {Jamil Zainasheff},
  title   = {Belgian Witbier},
  year    = {2007},
  url     = {https://byo.com/article/witbier-style-profile},
  urldate = {2021-10-20},
}

@Article{Strong2021,
  author   = {Gordon Strong},
  title    = {Witbier},
  journal  = {Brew Your Own},
  year     = {2021},
  subtitle = {A hazy shade of summer},
  volume   = {27},
  number   = {2},
  pages    = {24--27},
}

@Article{Mulder2020,
  author  = {Roel Mulder},
  title   = {The Lost White Beers of Belgium},
  journal = {Zymurgy},
  year    = {2020},
  volume  = {43},
  number  = {5},
  pages   = {44-49},
}

@Book{Hieronymus2010,
  author   = {Stan Hieronymus},
  title    = {Brewing with wheat},
  year     = {2010},
  subtitle = {the “wit’ and weizen” of world wheat beer styles},
  isbn     = {9780937381953},
}

@Book{Mosher2015,
  author    = {Randy Mosher},
  title     = {Mastering Homebrew},
  year      = {2015},
  subtitle  = {the complete guide to brewing delicious},
  publisher = {Chronicle Books},
  isbn      = {9781452105512},
}

@Book{Brueckelmeier2018,
  author    = {Jan Brückelmeier},
  title     = {Bier Brauen},
  year      = {2018},
  subtitle  = {Grundlagen, Rohstoffe, Brauprozesse},
  publisher = {Ulmer},
  isbn      = {9783800109272},
}

@Booklet{BJCP2015,
  author   = {BJCP},
  title    = {The 2015 BJCP Style Guidelines},
  year     = {2015},
  subtitle = {Beer Style Guidelines},
  url      = {https://www.bjcp.org/bjcp-style-guidelines},
}

@Booklet{BA2021,
  author = {{Brewers Association}},
  title  = {Brewers Association 2021 Beer Style Guidelines},
  year   = {2021},
  url    = {https://www.brewersassociation.org/edu/brewers-association-beer-style-guidelines},
}

@Online{Meewes2017,
  author  = {Veronica Meewes},
  title   = {The Rebirth of America’s Original Witbier},
  year    = {2017},
  url     = {https://punchdrink.com/articles/rebirth-americas-original-witbier-celis-brewery},
  urldate = {2021-10-20},
}

@Online{CelisBrewery2021,
  author  = {{Celis Brewery}},
  title   = {Our Beers},
  year    = {2021},
  url     = {https://www.celisbeers.com/our-beers},
  urldate = {2021-10-20},
}

@Online{HBA2014,
  author  = {{Homebrewers Association}},
  title   = {5 Tips to Brew a Better Witbier from Allagash Brewing Co.},
  year    = {2014},
  url     = {https://www.homebrewersassociation.org/how-to-brew/5-tips-brew-better-witbier-allagash-brewing-co},
  urldate = {2021-10-20},
}

@MastersThesis{Strottner1999,
  author      = {Camille Strottner},
  title       = {Über die Herstellung und Zusammensetzung von belgischen und niederländischen Blanche-Bieren},
  institution = {Technische Universität München},
  year        = {1999},
  type        = {gethesis},
}

@Article{Weikert2018,
  author  = {Josh Weikert},
  title   = {Make Your Best White IPA},
  journal = {Craft Beer \& Brewing},
  year    = {2018},
  volume  = {2018},
  number  = {5},
  pages   = {16},
}

@Comment{jabref-meta: databaseType:biblatex;}
