% Encoding: UTF-8

@Article{Beechum2017,
  author  = {Drew Beechum and Danny Conn},
  title   = {The IBU is a Lie},
  journal = {Zymurgy},
  year    = {2017},
  volume  = {40},
  number  = {3},
  pages   = {58-67},
}

@Book{Garetz1994,
  author    = {Mark Garetz},
  title     = {Using Hops},
  year      = {1994},
  subtitle  = {The Complete Guite to Hops for the Craft Brewer},
  publisher = {HopTech},
}

@Book{Janish2019,
  author   = {Scott Janish},
  title    = {The New IPA},
  year     = {2019},
  subtitle = {A Scientific Guide to Hop Aroma and Flavors},
}

@Book{Hieronymus2012,
  author    = {Stan Hieronymus},
  title     = {For the Love of Hops},
  year      = {2012},
  subtitle  = {The Practical Guide to Aroma, Bitterness and the Culture of Hops},
  publisher = {{Brewers Association}},
}

@Book{Nottebohm2020,
  author    = {Toni Nottebohm},
  title     = {Hopfenliebe},
  year      = {2020},
  subtitle  = {Aroma, Bittere, Sorten, Anbau und optimale Verwendung im Bier},
  publisher = {Ulmer},
}

@Article{Hall1997,
  author  = {Michael L. Hall},
  title   = {What's Your IBU?},
  journal = {Zymurgy},
  year    = {1997},
  volume  = {20},
  number  = {4},
  pages   = {54-67},
}

@Article{Rager1990,
  author  = {Jackie Rager},
  title   = {Calculating Hop Bitterness in Beer},
  journal = {Zymurgy},
  year    = {1990},
  volume  = {13},
  number  = {4},
  pages   = {53-54},
}

@Book{Daniels1996,
  author    = {Ray Daniels},
  title     = {Designing Great Beers},
  date      = {1996},
  subtitle  = {The Ultimate Guide to Brewing Classic Beer Styles},
  publisher = {{Brewers Association}},
}

@Book{Mosher1994,
  author    = {Randy Mosher},
  title     = {The Brewer's Companion},
  year      = {1994},
  publisher = {{Alephenalia Publications}},
}

@Book{Holle2010,
  author    = {Stephen R. Holle},
  title     = {A Handbook of Basic Brewing Calculations},
  year      = {2010},
  edition   = {4},
  publisher = {MBAA},
}

@Book{Annemueller2015,
  author    = {Gerolf Annemüller and Hans-J. Manger},
  title     = {Fachrechnen für Mälzerei- und Brauereitechnologen},
  year      = {2015},
  publisher = {{VLB Berlin}},
}

@Online{Tinseth1995,
  author  = {Glenn Tinseth},
  title   = {Glenn's Hop Utilization Numbers},
  year    = {1995},
  url     = {https://www.realbeer.com/hops/research.html},
  urldate = {2022-01-02},
}

@Online{Jones1995,
  author  = {Bob Jones},
  title   = {Comparing Alpha Acid Utilization Formulas},
  year    = {1995},
  url     = {https://www.valhallabrewing.com/dboard/dbnewsl/t9509d.htm},
  urldate = {2022-01-02},
}

@Online{Novotny2016,
  author  = {Petr Novotný},
  title   = {Cesta hořkých látek 1. díl: Úvod a Tinsethova formule},
  year    = {2016},
  url     = {https://www.diversity.beer/2016/10/cesta-horkych-latek-1-dil-uvod.html},
  urldate = {2022-01-02},
}

@Online{Novotny2016a,
  author  = {Petr Novotný},
  title   = {Cesta hořkých látek 2. díl: Z chmelu až do piva – literární review},
  year    = {2016},
  url     = {https://www.diversity.beer/2016/11/cesta-horkych-latek-2-dil-z-chmelu-az.html},
  urldate = {2022-01-02},
}

@Online{Novotny2016b,
  author  = {Petr Novotný},
  title   = {Cesta hořkých látek 3. díl: Vývoj nového modelu},
  year    = {2016},
  url     = {https://www.diversity.beer/2016/11/cesta-horkych-latek-3-dil-vyvoj-noveho.html},
  urldate = {2022-01-02},
}

@Online{Novotny2016c,
  author  = {Petr Novotný},
  title   = {Cesta hořkých látek 4. díl: Počítáme IBU s novým modelem},
  year    = {2016},
  url     = {https://www.diversity.beer/2016/11/cesta-horkych-latek-4-dil-pocitame-ibu.html},
  urldate = {2022-01-02},
}

@Article{Novotny2018,
  author  = {Petr Novotný},
  title   = {Revisiting the IBU},
  journal = {Zymurgy},
  year    = {2018},
  volume  = {41},
  number  = {2},
  pages   = {39-45},
}

@Book{Bruecklmeier2018,
  author    = {Jan Brücklmeier},
  title     = {Bier Brauen},
  year      = {2018},
  subtitle  = {Grundlagen, Rohstoffe, Brauprozesse},
  publisher = {Ulmer},
}

@Online{Bruecklmeier2017,
  author  = {Jan Brücklmeier},
  title   = {Der große IBU-Schwindel},
  year    = {2017},
  url     = {https://braumagazin.de/article/der-grosse-ibu-schwindel/},
  urldate = {2022-01-04},
}

@Online{Pyle1995,
  author  = {Norm Pyle},
  title   = {Norm Pyle's Hops FAQ},
  year    = {1995},
  url     = {https://www.realbeer.com/hops/FAQ.html},
  urldate = {2022-01-04},
}

@Online{MEBAK2020,
  author  = {MEBAK},
  title   = {Methode B-400.17.110. Bittereinheiten},
  date    = {2020},
  url     = {https://www.mebak.org/methode/b-400-17-110/bittereinheiten/663},
  urldate = {2022-01-05},
}

@Online{Mosher2022,
  author = {Randy Mosher},
  title  = {Dr. Bob Technical's Wheels of Beer},
  date   = {2022-01-05},
  url    = {https://randymosher.com/Wheels-Of-Beer},
}

@Online{Bonham2001,
  author   = {Louis K. Bonham},
  title    = {The HBD Palexperiment Results},
  year     = {2001},
  url      = {https://www.morebeer.com/articles/HBD_Palexperiment_results_partI},
  subtitle = {Lab Analysis (Part I)},
  urldate  = {2022-01-05},
}

@Book{Noonan1996,
  author    = {Gregory J. Noonan},
  title     = {New Brewing Lager Beer},
  year      = {1996},
  publisher = {{Brewers Association}},
}

@Article{Davidson1997,
  author  = {Darwin E. Davidson},
  title   = {Bitterness Basics},
  journal = {Zymurgy},
  year    = {1997},
  volume  = {20},
  number  = {4},
  pages   = {54-67},
}

@Article{Favre1990,
  author  = {Monica Favre and Tracy Loysen},
  title   = {Easy Hops},
  journal = {Zymurgy},
  year    = {1990},
  volume  = {13},
  number  = {4},
  pages   = {39-41},
}

@Book{Papazian2003,
  author  = {Charlie Papazian},
  title   = {The Complete Joy of Homebrewing},
  year    = {2003},
  edition = {3},
}

@Book{Kunze2004,
  author    = {Wolfgang Kunze},
  title     = {Technology Brewing and Malting},
  year      = {2004},
  edition   = {3},
  publisher = {{VLB Berlin}},
}

@Book{Narziss2009,
  author    = {Ludwig Narziss and Werner Back},
  title     = {Die Bierbrauerei},
  year      = {2009},
  subtitle  = {Die Technologie der Würzebereitung},
  volume    = {2},
  edition   = {8},
  publisher = {{WILEY-VCH}},
}

@Article{Bastgen2020,
  author    = {Nele Bastgen and Tobias Becher and Stephan Drusch and Jean Titze},
  title     = {Usability and Technological Opportunities for a Higher Isomerization Rate of Alpha-Acids: A Review},
  journal   = {Journal of the American Society of Brewing Chemists},
  year      = {2020},
  volume    = {79},
  number    = {1},
  month     = {nov},
  pages     = {17--25},
  doi       = {10.1080/03610470.2020.1840893},
  publisher = {Informa {UK} Limited},
}

@Article{Justus2018,
  author       = {Aaron Justus},
  title        = {Tracking {IBU} Through the Brewing Process: The Quest for Consistency},
  journal      = {Technical Quarterly},
  journaltitle = {MBAA TQ},
  year         = {2018},
  subtitle     = {The Quest for Consistency},
  volume       = {55},
  number       = {3},
  pages        = {67-74},
  doi          = {10.1094/tq-55-3-1205-01},
  publisher    = {Scientific Societies},
}

@Article{Parkin2017,
  author    = {Ellen Parkin and Thomas Shellhammer},
  title     = {Toward Understanding the Bitterness of Dry-Hopped Beer},
  journal   = {Journal of the American Society of Brewing Chemists},
  year      = {2017},
  volume    = {75},
  number    = {4},
  month     = {sep},
  pages     = {363--368},
  doi       = {10.1094/asbcj-2017-4311-01},
  publisher = {Informa {UK} Limited},
}

@Article{Bishop1964,
  author    = {L. R. Bishop},
  title     = {The Measurement of Bitterness in Beers},
  journal   = {Journal of the Institute of Brewing},
  year      = {1964},
  volume    = {70},
  number    = {6},
  month     = {nov},
  pages     = {489--497},
  doi       = {10.1002/j.2050-0416.1964.tb06354.x},
  publisher = {Wiley},
}

@Article{Nickerson1979,
  author    = {Gail B. Nickerson and Sam T. Likens},
  title     = {Hop Storage Index},
  journal   = {Journal of the American Society of Brewing Chemists},
  year      = {1979},
  volume    = {37},
  number    = {4},
  month     = {sep},
  pages     = {184--187},
  doi       = {10.1094/asbcj-37-0184},
  publisher = {Informa {UK} Limited},
}

@Article{Calado2019,
  author    = {L.S. Calado and A.L.F. Lacerda and S.B. Fiaux and L.A. Sphaier and V.N.H. Silva and F.C. Peixoto},
  title     = {Low-cost fluorescence-based method for beer bitterness measurement},
  journal   = {Journal of Food Engineering},
  year      = {2019},
  volume    = {262},
  month     = {dec},
  pages     = {9--12},
  doi       = {10.1016/j.jfoodeng.2019.05.015},
  publisher = {Elsevier {BV}},
}

@Comment{jabref-meta: databaseType:biblatex;}
