 
@Article{ASTM2022,
  author = {ASTM},
  title  = {E308-22: Standard Practice for Computing the Colors of Objects by Using the CIE System},
  year   = {2022},
  doi    = {10.1520/E0308-22},
}

 
@InCollection{deLange2016,
  author    = {A.J. deLange},
  booktitle = {Brewing Materials and Processes},
  publisher = {Elsevier},
  title     = {Color},
  pages     = {199--249},
  date      = {2016},
  doi       = {10.1016/b978-0-12-799954-8.00011-3},
}

 
@InBook{ASBC2011,
  author    = {ASBC},
  title     = {Color},
  year      = {2011},
  isbn      = {9781881696216},
  booktitle = {ASBC Methods of Analysis},
  doi       = {10.1094/ASBCMOA-Beer-10},
}

@Online{W3C2015,
  author  = {W3C},
  date    = {2015},
  title   = {How to interpret the sRGB color space (specified in IEC 61966-2-1) for ICC profiles},
  url     = {https://www.w3.org/Graphics/Color/srgb},
  urldate = {2023-12-26},
}

@Misc{CIE2018,
  author = {CIE},
  title  = {CIE 1931 colour-matching functions, 2 degree observer},
  year   = {2018},
  doi    = {10.25039/cie.ds.xvudnb9b},
}

@Misc{CIE2022,
  author = {CIE},
  title  = {CIE standard illuminant D65},
  year   = {2022},
  doi    = {10.25039/cie.ds.hjfjmt59},
}

@Online{Tucker2017,
  author   = {Mercedes Tucker},
  date     = {2017},
  subtitle = {red malts vs. black malts},
  title    = {Defining wort colors},
  url      = {https://www.brewingwithbriess.com/blog/defining-wort-colors-red-malts-vs-black-malts},
  urldate  = {2023-12-26},
}

@Online{BJCP,
  author  = {BJCP},
  title   = {Color Guide},
  url     = {https://www.bjcp.org/education-training/education-resources/color-guide},
  urldate = {2023-12-26},
}

@Comment{jabref-meta: databaseType:bibtex;}
